\usepackage[utf8]{inputenc}
\begin{thebibliography}{99}

@book{pearl2014probabilistic,
  title={Probabilistic reasoning in intelligent systems: networks of plausible inference},
  author={Pearl, Judea},
  year={2014},
  publisher={Elsevier}
}

@article{strobl2019approximate,
  title={Approximate kernel-based conditional independence tests for fast non-parametric causal discovery},
  author={Strobl, Eric V and Zhang, Kun and Visweswaran, Shyam},
  journal={Journal of Causal Inference},
  volume={7},
  number={1},
  year={2019},
  publisher={De Gruyter}
}

@book{bazinas2015causal,
  title={Causal transmission in reduced-form models},
  author={Bazinas, Vassili and Nielsen, Bent},
  year={2015},
  publisher={Nuffield College}
}

@article{schott2005testing,
  title={Testing for complete independence in high dimensions},
  author={Schott, James R},
  journal={Biometrika},
  volume={92},
  number={4},
  pages={951--956},
  year={2005},
  publisher={Oxford University Press}
}

@article{srivastava2005some,
  title={Some tests concerning the covariance matrix in high dimensional data},
  author={Srivastava, Muni S},
  journal={Journal of the Japan Statistical Society},
  volume={35},
  number={2},
  pages={251--272},
  year={2005},
  publisher={THE JAPAN STATISTICAL SOCIETY}
}

@inproceedings{spirtes2016causal,
  title={Causal discovery and inference: concepts and recent methodological advances},
  author={Spirtes, Peter and Zhang, Kun},
  booktitle={Applied informatics},
  volume={3},
  number={1},
  pages={3},
  year={2016},
  organization={Springer}
}

@article{wang2013necessary,
  title={A necessary test for complete independence in high dimensions using rank-correlations},
  author={Wang, Guanghui and Zou, Changliang and Wang, Zhaojun},
  journal={Journal of Multivariate Analysis},
  volume={121},
  pages={224--232},
  year={2013},
  publisher={Elsevier}
}

@article{engle1983exogeneity,
  title={Exogeneity},
  author={Engle, Robert F and Hendry, David F and Richard, Jean-Francois},
  journal={Econometrica: Journal of the Econometric Society},
  pages={277--304},
  year={1983},
  publisher={JSTOR}
}

@article{fuhrer2000habit,
  title={Habit formation in consumption and its implications for monetary-policy models},
  author={Fuhrer, Jeffrey C},
  journal={American Economic Review},
  volume={90},
  number={3},
  pages={367--390},
  year={2000}
}

@article{king1988production,
  title={Production, growth and business cycles: II. New directions},
  author={King, Robert G and Plosser, Charles I and Rebelo, Sergio T},
  journal={Journal of Monetary Economics},
  volume={21},
  number={2-3},
  pages={309--341},
  year={1988},
  publisher={Elsevier}
}

@article{schwarz1978estimating,
  title={Estimating the dimension of a model},
  author={Schwarz, Gideon and others},
  journal={The annals of statistics},
  volume={6},
  number={2},
  pages={461--464},
  year={1978},
  publisher={Institute of Mathematical Statistics}
}

@incollection{mccallum1999role,
  title={Role of the minimal state variable criterion in rational expectations models},
  author={McCallum, Bennett T},
  booktitle={International Finance and Financial Crises},
  pages={151--176},
  year={1999},
  publisher={Springer}
}

@article{akaike1974new,
  title={A new look at the statistical model identification},
  author={Akaike, Hirotugu},
  journal={IEEE transactions on automatic control},
  volume={19},
  number={6},
  pages={716--723},
  year={1974},
  publisher={Ieee}
}

@article{ravenna2007vector,
  title={Vector autoregressions and reduced form representations of DSGE models},
  author={Ravenna, Federico},
  journal={Journal of monetary economics},
  volume={54},
  number={7},
  pages={2048--2064},
  year={2007},
  publisher={Elsevier}
}

@article{bonferroni1936teoria,
  title={Teoria statistica delle classi e calcolo delle probabilita},
  author={Bonferroni, Carlo},
  journal={Pubblicazioni del R Istituto Superiore di Scienze Economiche e Commericiali di Firenze},
  volume={8},
  pages={3--62},
  year={1936}
}

@article{ramey2016handbook,
  title={Handbook of Macroeconomics},
  author={Ramey, Valerie A and West, Kenneth D and Taylor, John B and Woodford, Michael},
  journal={by JB Taylor and H. Uhlig. North-Holland. Chap. Macroeconomic Shocks and Their Propagation},
  pages={71--161},
  year={2016}
}

@book{gali2015monetary,
  title={Monetary policy, inflation, and the business cycle: an introduction to the new Keynesian framework and its applications},
  author={Gal{\'i}, Jordi},
  year={2015},
  publisher={Princeton University Press}
}

@article{gali2004technology,
  title={Technology shocks and aggregate fluctuations: How well does the real business cycle model fit postwar US data?},
  author={Gal{\'i}, Jordi and Rabanal, Pau},
  journal={NBER macroeconomics annual},
  volume={19},
  pages={225--288},
  year={2004},
  publisher={MIT press}
}

@article{levin2008macroeconometric,
  title={Macroeconometric equivalence, microeconomic dissonance, and the design of monetary policy},
  author={Levin, Andrew T and L{\'o}pez-Salido, J David and Nelson, Edward and Yun, Tack},
  journal={Journal of Monetary Economics},
  volume={55},
  pages={S48--S62},
  year={2008},
  publisher={Elsevier}
}

@article{krolzig2001computer,
  title={Computer automation of general-to-specific model selection procedures},
  author={Krolzig, Hans-Martin and Hendry, David F},
  journal={Journal of Economic Dynamics and Control},
  volume={25},
  number={6-7},
  pages={831--866},
  year={2001},
  publisher={Elsevier}
}

@article{driver2000capacity,
  title={Capacity utilisation and excess capacity: Theory, evidence, and policy},
  author={Driver, Ciaran},
  journal={Review of Industrial Organization},
  volume={16},
  number={1},
  pages={69--87},
  year={2000},
  publisher={Springer}
}

@article{colombo2014order,
  title={Order-independent constraint-based causal structure learning.},
  author={Colombo, Diego and Maathuis, Marloes H},
  journal={J. Mach. Learn. Res.},
  volume={15},
  number={1},
  pages={3741--3782},
  year={2014}
}

@article{christiano2005nominal,
  title={Nominal rigidities and the dynamic effects of a shock to monetary policy},
  author={Christiano, Lawrence J and Eichenbaum, Martin and Evans, Charles L},
  journal={Journal of political Economy},
  volume={113},
  number={1},
  pages={1--45},
  year={2005},
  publisher={The University of Chicago Press}
}

@article{levin2004macroeconomic,
  title={The macroeconomic effects of inflation targeting},
  author={Levin, Andrew T and Natalucci, Fabio M and Piger, Jeremy M and others},
  journal={Review-Federal Reserve Bank of Saint Louis},
  volume={86},
  number={4},
  pages={51--8},
  year={2004},
  publisher={Federal Reserve Bank of St Louis}
}

@article{christiano2018on,
Author = {Christiano, Lawrence J. and Eichenbaum, Martin S. and Trabandt, Mathias},
Title = {On DSGE Models},
Journal = {Journal of Economic Perspectives},
Volume = {32},
Number = {3},
Year = {2018},
Month = {August},
Pages = {113-40},
DOI = {10.1257/jep.32.3.113},
URL = {https://www.aeaweb.org/articles?id=10.1257/jep.32.3.113}}

@article{canova2009back,
  title={Back to square one: Identification issues in DSGE models},
  author={Canova, Fabio and Sala, Luca},
  journal={Journal of Monetary Economics},
  volume={56},
  number={4},
  pages={431--449},
  year={2009},
  publisher={Elsevier}
}

@article{scutari2014multiple,
  title={Multiple quantitative trait analysis using Bayesian networks},
  author={Scutari, Marco and Howell, Phil and Balding, David J and Mackay, Ian},
  journal={Genetics},
  volume={198},
  number={1},
  pages={129--137},
  year={2014},
  publisher={Genetics Soc America}
}

@article{pearl1995causal,
  title={Causal diagrams for empirical research},
  author={Pearl, Judea},
  journal={Biometrika},
  volume={82},
  number={4},
  pages={669--688},
  year={1995},
  publisher={Oxford University Press}
}

@article{barnow1981selection,
  title={Selection on observables},
  author={Barnow, Burt and Cain, Glen and Goldberg, Arthur},
  journal={Evaluation Studies},
  year={1981}
}

@Book{angrist2014mastering,
  author={Joshua D. Angrist and Jörn-Steffen Pischke},
  title={{Mastering ’Metrics: The Path from Cause to Effect}},
  publisher={Princeton University Press},
  year=2014,
  month={April},
  volume={},
  number={10363},
  series={Economics Books},
  edition={},
  keywords={economics; econometric; applied; metrics; data; science; statistics; statistical; economist; cause; },
  doi={},
  isbn={},
  abstract={Applied econometrics, known to aficionados as 'metrics, is the original data science. 'Metrics encompasses the statistical methods economists use to untangle cause and effect in human affairs. Through accessible discussion and with a dose of kung fu–themed humor, Mastering 'Metrics presents the essential tools of econometric research and demonstrates why econometrics is exciting and useful. The five most valuable econometric methods, or what the authors call the Furious Five--random assignment, regression, instrumental variables, regression discontinuity designs, and differences in differences--are illustrated through well-crafted real-world examples (vetted for awesomeness by Kung Fu Panda's Jade Palace). Does health insurance make you healthier? Randomized experiments provide answers. Are expensive private colleges and selective public high schools better than more pedestrian institutions? Regression analysis and a regression discontinuity design reveal the surprising truth. When private banks teeter, and depositors take their money and run, should central banks step in to save them? Differences-in-differences analysis of a Depression-era banking crisis offers a response. Could arresting O. J. Simpson have saved his ex-wife's life? Instrumental variables methods instruct law enforcement authorities in how best to respond to domestic abuse. Wielding econometric tools with skill and confidence, Mastering 'Metrics uses data and statistics to illuminate the path from cause to effect. Shows why econometrics is important Explains econometric research through humorous and accessible discussion Outlines empirical methods central to modern econometric practice Works through interesting and relevant real-world examples},
  url={https://ideas.repec.org/b/pup/pbooks/10363.html}
}

@misc{ermon_2017, 
  title={Learning in Directed Models}, 
  url={https://ermongroup.github.io/cs228-notes/learning/directed/}, 
  journal={Probabilistic Graphical Models Lectures}, 
  publisher={Github}, 
  author={Ermon, Stefano}, 
  year={2017}, 
  month={Jan}
}

@inproceedings{lucas1976econometric,
  title={Econometric policy evaluation: A critique},
  author={Lucas, Robert E and others},
  booktitle={Carnegie-Rochester conference series on public policy},
  volume={1},
  number={1},
  pages={19--46},
  year={1976}
}

@article{wermuth1990substantive,
  title={On substantive research hypotheses, conditional independence graphs and graphical chain models},
  author={Wermuth, Nanny and Lauritzen, Steffen Lilholt},
  journal={Journal of the Royal Statistical Society: Series B (methodological)},
  volume={52},
  number={1},
  pages={21--50},
  year={1990},
  publisher={Wiley Online Library}
}

@article{holland1986statistics,
  title={Statistics and causal inference},
  author={Holland, Paul W},
  journal={Journal of the American statistical Association},
  volume={81},
  number={396},
  pages={945--960},
  year={1986},
  publisher={Taylor \& Francis}
}

@article{tovar2009dsge,
  title={DSGE models and central banks},
  author={Tovar, Camilo E},
  journal={Economics: The Open-Access, Open-Assessment E-Journal},
  volume={3},
  year={2009}
}

@article{kydland1982time,
  title={Time to build and aggregate fluctuations},
  author={Kydland, Finn E and Prescott, Edward C},
  journal={Econometrica: Journal of the Econometric Society},
  pages={1345--1370},
  year={1982},
  publisher={JSTOR}
}

@book{pearl2018book,
  title={The book of why: the new science of cause and effect},
  author={Pearl, Judea and Mackenzie, Dana},
  year={2018},
  publisher={Basic Books}
}

@article{imbens2019potential,
  title={Potential outcome and directed acyclic graph approaches to causality: Relevance for empirical practice in economics},
  author={Imbens, Guido W},
  journal={Journal of Economic Literature},
  volume={58},
  number={4},
  pages={1129--79},
  year={2020}
}

@article{pearl2011bayesian,
  title={Bayesian networks},
  author={Pearl, Judea},
  journal={UCLA Department of Statistics Papers},
  year={2011}
}

@article{le2015parallelpc,
  title={ParallelPC: an R package for efficient constraint based causal exploration},
  author={Le, Thuc Duy and Hoang, Tao and Li, Jiuyong and Liu, Lin and Hu, Shu},
  journal={arXiv preprint arXiv:1510.03042},
  year={2015}
}

@inproceedings{chen1998speaker,
  title={Speaker, environment and channel change detection and clustering via the bayesian information criterion},
  author={Chen, Scott and Gopalakrishnan, Ponani and others},
  booktitle={Proc. DARPA broadcast news transcription and understanding workshop},
  volume={8},
  pages={127--132},
  year={1998},
  organization={Virginia, USA}
}

@article{spirtes1991algorithm,
  title={An algorithm for fast recovery of sparse causal graphs},
  author={Spirtes, Peter and Glymour, Clark},
  journal={Social science computer review},
  volume={9},
  number={1},
  pages={62--72},
  year={1991},
  publisher={Sage Publications Sage CA: Thousand Oaks, CA}
}

@incollection{fernandez2016solution,
  title={Solution and estimation methods for DSGE models},
  author={Fernandez-Villaverde, Jesus and Rubio-Ramirez, Juan Francisco and Schorfheide, Frank},
  booktitle={Handbook of macroeconomics},
  volume={2},
  pages={527--724},
  year={2016},
  publisher={Elsevier}
}

@article{kalisch2007estimating,
  title={Estimating high-dimensional directed acyclic graphs with the PC-algorithm},
  author={Kalisch, Markus and B{\"u}hlmann, Peter},
  journal={Journal of Machine Learning Research},
  volume={8},
  number={Mar},
  pages={613--636},
  year={2007}
}

@article{hamilton1994state,
  title={State-space models},
  author={Hamilton, James D},
  journal={Handbook of econometrics},
  volume={4},
  pages={3039--3080},
  year={1994},
  publisher={Elsevier}
}

@book{verma1991equivalence,
  title={Equivalence and Synthesis of Causal Models},
  author={Verma, T. and Pearl, J.},
  series={CSD (Series)},
  url={https://books.google.co.uk/books?id=ikuuHAAACAAJ},
  year={1991},
  publisher={UCLA Computer Science Department}
}

@online{pfeifer2020, 
    title = {DSGE\_mod}, 
    url = {https://github.com/JohannesPfeifer/DSGE_mod}, 
    urldate = {2020-04-08},
    author = {Johannes Pfeifer}, 
    year = 2020 
}

@article{scutari2014bayesian,
  title={Bayesian network constraint-based structure learning algorithms: Parallel and optimised implementations in the bnlearn r package},
  author={Scutari, Marco},
  journal={arXiv preprint arXiv:1406.7648},
  year={2014}
}

@article{demiralp2003searching,
  title={Searching for the causal structure of a vector autoregression},
  author={Demiralp, Selva and Hoover, Kevin D},
  journal={Oxford Bulletin of Economics and statistics},
  volume={65},
  pages={745--767},
  year={2003},
  publisher={Wiley Online Library}
}

@article{sims1980macroeconomics,
  title={Macroeconomics and reality},
  author={Sims, Christopher A},
  journal={Econometrica: journal of the Econometric Society},
  pages={1--48},
  year={1980},
  publisher={JSTOR}
}

@online{traffic_jam,
  author = {Jason Liszka},
  title = {Bayesian networks and causality},
  year = 2013,
  url = {http://blog.jliszka.org/2013/12/18/bayesian-networks-and-causality.html},
  urldate = {2020-04-07}
}

@online{barr2018causal,
  author = {Ian Barr},
  title = {Causal inference with Python},
  year = 2018,
  url = {http://www.degeneratestate.org/posts/2018/Jul/10/causal-inference-with-python-part-2-causal-graphical-models/},
  urldate = {2020-06-02}
}

@online{hall2020git,
  author = {Emmet Hall-Hoffarth},
  title = {DSGE Bayesian Networks},
  year = 2020,
  url = {https://github.com/e-hall-hoffarth/bayesian_networks/},
  urldate = {2020-07-17}
}

@misc{fred2020data,
  author = {FRED},
  title = {Federal Reserve Bank of St.Louis and US},
  year = 2020,
  url = {https://fred.stlouisfed.org/},
  urldate = {2020-07-12}
}

@article{nandy2018high,
  title={High-dimensional consistency in score-based and hybrid structure learning},
  author={Nandy, Preetam and Hauser, Alain and Maathuis, Marloes H and others},
  journal={The Annals of Statistics},
  volume={46},
  number={6A},
  pages={3151--3183},
  year={2018},
  publisher={Institute of Mathematical Statistics}
}

@article{tsamardinos2006max,
  title={The max-min hill-climbing Bayesian network structure learning algorithm},
  author={Tsamardinos, Ioannis and Brown, Laura E and Aliferis, Constantin F},
  journal={Machine learning},
  volume={65},
  number={1},
  pages={31--78},
  year={2006},
  publisher={Springer}
}

@article{jorda2005estimation,
  title={Estimation and inference of impulse responses by local projections},
  author={Jord{\`a}, Oscar},
  journal={American economic review},
  volume={95},
  number={1},
  pages={161--182},
  year={2005}
}

@article{steel2006homogeneity,
  title={Homogeneity, selection, and the faithfulness condition},
  author={Steel, Daniel},
  journal={Minds and Machines},
  volume={16},
  number={3},
  pages={303--317},
  year={2006},
  publisher={Springer}
}

@inproceedings{taylor1993discretion,
  title={Discretion versus policy rules in practice},
  author={Taylor, John B},
  booktitle={Carnegie-Rochester conference series on public policy},
  volume={39},
  pages={195--214},
  year={1993},
  organization={Elsevier}
}

@incollection{chickering1996learning,
  title={Learning Bayesian networks is NP-complete},
  author={Chickering, David Maxwell},
  booktitle={Learning from data},
  pages={121--130},
  year={1996},
  publisher={Springer}
}

@article{chickering2002optimal,
  title={Optimal structure identification with greedy search},
  author={Chickering, David Maxwell},
  journal={Journal of machine learning research},
  volume={3},
  number={Nov},
  pages={507--554},
  year={2002}
}

@book{spirtes2000causation,
  title={Causation, prediction, and search},
  author={Spirtes, Peter and Glymour, Clark N and Scheines, Richard and Heckerman, David},
  year={2000},
  publisher={MIT press}
}

@article{huang2020causal,
  title={Causal discovery from heterogeneous/nonstationary data},
  author={Huang, Biwei and Zhang, Kun and Zhang, Jiji and Ramsey, Joseph and Sanchez-Romero, Ruben and Glymour, Clark and Sch{\"o}lkopf, Bernhard},
  journal={Journal of Machine Learning Research},
  volume={21},
  number={89},
  pages={1--53},
  year={2020},
  publisher={Microtome Publishing}
}

@article{friedman2013learning,
  title={Learning Bayesian network structure from massive datasets: The" sparse candidate" algorithm},
  author={Friedman, Nir and Nachman, Iftach and Pe{\'e}r, Dana},
  journal={arXiv preprint arXiv:1301.6696},
  year={2013}
}

@phdthesis{meek1997graphical,
  title={Graphical Models: Selecting causal and statistical models},
  author={Meek, Christopher},
  year={1997},
  school={PhD thesis, Carnegie Mellon University}
}

@inproceedings{ghahramani1997learning,
  title={Learning dynamic Bayesian networks},
  author={Ghahramani, Zoubin},
  booktitle={International School on Neural Networks, Initiated by IIASS and EMFCSC},
  pages={168--197},
  year={1997},
  organization={Springer}
}

@article{smets2007shocks,
  title={Shocks and frictions in US business cycles: A Bayesian DSGE approach},
  author={Smets, Frank and Wouters, Rafael},
  journal={American economic review},
  volume={97},
  number={3},
  pages={586--606},
  year={2007}
}

@book{pearl2009causality,
  title={Causality},
  author={Pearl, Judea},
  year={2009},
  publisher={Cambridge university press}
}

\end{thebibliography}